<record><leader>00000cas a2200000Ma 4500</leader><controlfield tag="001">173881844</controlfield><controlfield tag="007">hd afb---buca</controlfield><controlfield tag="008">930526d181318uuctuwr nea     0    0eng  </controlfield><datafield ind1=" " ind2=" " tag="010"><subfield code="a">sn 82006811 </subfield></datafield><datafield ind1=" " ind2=" " tag="040"><subfield code="a">DLC</subfield><subfield code="b">eng</subfield><subfield code="c">NJR</subfield><subfield code="d">OCLCG</subfield><subfield code="d">OCLCQ</subfield></datafield><datafield ind1="0" ind2=" " tag="050"><subfield code="a">Newspaper 7229</subfield></datafield><datafield ind1="0" ind2=" " tag="130"><subfield code="a">Danbury gazette (Danbury, Conn. : 1813)</subfield></datafield><datafield ind1="1" ind2="0" tag="245"><subfield code="a">Danbury gazette</subfield><subfield code="h">[microform].</subfield></datafield><datafield ind1=" " ind2=" " tag="260"><subfield code="a">Danbury, Conn. :</subfield><subfield code="b">Printed by N.L. Skinner</subfield></datafield><datafield ind1=" " ind2=" " tag="300"><subfield code="a">v. ;</subfield><subfield code="c">49 cm.</subfield></datafield><datafield ind1=" " ind2=" " tag="310"><subfield code="a">Weekly</subfield></datafield><datafield ind1="1" ind2=" " tag="362"><subfield code="a">Began with June 22, 1813 issue.</subfield><subfield code="z">Cf. Brigham, C.S. Amer. newspapers.</subfield></datafield><datafield ind1=" " ind2=" " tag="500"><subfield code="a">Last issue located: Vol. 1, no. 41 (Mar 29, 1814). Cf. Brigham, C.S. Amer. newspapers.</subfield></datafield><datafield ind1=" " ind2=" " tag="500"><subfield code="a">References: Shaw &amp; Shoemaker 28274; Brigham, C.S. Amer. newspapers, p. 15-16.</subfield></datafield><datafield ind1=" " ind2=" " tag="530"><subfield code="a">Also issued in microform by Readex Microprint Corp. as a part of the Early American newspapers series.</subfield></datafield><datafield ind1=" " ind2=" " tag="588"><subfield code="a">Description based on: Vol. 1, no. 3 (Aug. 3, 1813).</subfield></datafield><datafield ind1="1" ind2=" " tag="700"><subfield code="a">Skinner, Nathaniel L.,</subfield><subfield code="d">1785?-1826.</subfield></datafield><datafield ind1=" " ind2=" " tag="752"><subfield code="a">United States</subfield><subfield code="b">Connecticut</subfield><subfield code="c">Fairfield</subfield><subfield code="d">Danbury.</subfield></datafield></record>